<?xml version="1.0" encoding="UTF-8"?><collection xmlns="http://www.loc.gov/MARC21/slim"><record><leader>00498nam--2200181-i-4500</leader><controlfield tag="001">000048638</controlfield><controlfield tag="002">20161230</controlfield><controlfield tag="005">20161230201047</controlfield><controlfield tag="008">060222s1000------------r-----000-0-eng-d</controlfield><datafield ind1=" " ind2=" " tag="040"><subfield code="a">IFIN-HH</subfield></datafield><datafield ind1=" " ind2=" " tag="080"><subfield code="a">533.951</subfield></datafield><datafield ind1="1" ind2=" " tag="100"><subfield code="a">Mitchner,Morton</subfield></datafield><datafield ind1="1" ind2="0" tag="245"><subfield code="a">Radiation and waves in plasmas</subfield><subfield code="c">MORTON MITCHNER (Ed.)</subfield></datafield><datafield ind1=" " ind2=" " tag="260"><subfield code="a">Stanford, Univ.Press, 1961,</subfield></datafield><datafield ind1=" " ind2=" " tag="300"><subfield code="a">VI+156P</subfield></datafield><datafield ind1=" " ind2=" " tag="490"><subfield code="a">Fifth Locheed Symposium On Magnetohydrodynamics</subfield></datafield><datafield ind1=" " ind2=" " tag="852"><subfield code="a">18487</subfield><subfield code="c">533.9</subfield></datafield><datafield ind1=" " ind2=" " tag="CAT"><subfield code="a">Sys</subfield><subfield code="c">20100922</subfield><subfield code="h">085414</subfield></datafield></record></collection>